@online{labSticc,
    organization={Lab-STICC},
    url  = {https://labsticc.fr/fr},
    addendum = {(Accédé: 30/08/2021)}
}

@online{djiMat100,
    author = {DJI},
    title = {Matrice 100 - DJI},
    url  = {https://www.dji.com/fr/matrice100},
    addendum = {(Accédé: 30/08/2021)}
}

@online{githubSDK,
    author = {DJI},
    title = {Onboard-SDK - GitHub},
    url  = {https://github.com/dji-sdk/Onboard-SDK},
    addendum = {(Accédé: 30/08/2021)}
}

@online{uart,
    author = {Wikipédia},
    title = {UART},
    url  = {https://fr.wikipedia.org/wiki/UART},
    addendum = {(Accédé: 30/08/2021)}
}

@online{baud,
    author = {Wikipédia},
    title = {Baud (mesure)},
    url  = {https://fr.wikipedia.org/wiki/Baud_(mesure)},
    addendum = {(Accédé: 30/08/2021)}
}

@online{mdek,
    author = {Decawave},
    title = {MDEK1001 Development Kit},
    url  = {https://www.decawave.com/product/mdek1001-deployment-kit/},
    addendum = {(Accédé: 30/08/2021)}
}

@online{androidAppliMdek,
    author = {Decawave},
    title = {Baud (mesure)},
    url  = {https://www.decawave.com/wp-content/uploads/2019/03/DRTLS_Manager_R2.apk},
    addendum = {(Accédé: 30/08/2021)}
}

@online{j2mod,
    author = {Steve O'Hara},
    title = {Enhanced Modbus library implemented in the Java programming language},
    url  = {https://github.com/steveohara/j2mod},
    addendum = {(Accédé: 30/08/2021)}
}

@online{j2modGithub,
    author = {Steve O'Hara},
    title = {Enhanced Modbus library implemented in the Java programming language},
    url  = {https://github.com/steveohara/j2mod/wiki},
    addendum = {(Accédé: 30/08/2021)}
}

@online{msDriverSQL,
    author = {Microsoft},
    title = {Driver JDBC for SQL Server},
    url  = {https://docs.microsoft.com/fr-fr/sql/connect/jdbc/download-microsoft-jdbc-driver-for-sql-server?view=sql-server-ver15},
    addendum = {(Accédé: 30/08/2021)}
}

@online{matrice100,
    author = {DJI},
    title = {Matrice 100 - DJI},
    url  = {https://www.dji.com/fr/matrice100},
    addendum = {(Accédé: 30/08/2021)}
}

@online{manifold,
    author = {DJI},
    title = {Manifold - DJI},
    url  = {https://www.dji.com/fr/manifold},
    addendum = {(Accédé: 30/08/2021)}
}

@online{bancroft,
    author = {European Space Agency},
    title = {Bancroft Method - Navipedia},
    url  = {https://gssc.esa.int/navipedia/index.php/Bancroft_Method},
    addendum = {(Accédé: 30/08/2021)}
}

@online{gpstk,
    author = {Space and Geophysics Laboratory / University of Texas at Austin},
    title = {GPSTk - GitHub},
    url  = {https://github.com/SGL-UT/GPSTk},
    addendum = {(Accédé: 30/08/2021)}
}

@online{portSerieCpp,
    author = {Geoffrey Hunter},
    title = {Linux Serial Ports Using C/C++},
    url  = {https://blog.mbedded.ninja/programming/operating-systems/linux/linux-serial-ports-using-c-cpp/},
    date = {November 24, 2020},
    addendum = {(Accédé: 30/08/2021)}
}

@online{labelImg,
    author = {Tzutalin},
    title = {LabelImg. Git code (2015)},
    url  = {https://github.com/tzutalin/labelImg},
    addendum = {(Accédé: 30/08/2021)}
}

@online{yolo,
    author = {Ultralytics},
    title = {YoloV5 - GitHub},
    url  = {https://github.com/ultralytics/yolov5},
    addendum = {(Accédé: 31/08/2021)}
}